<record><leader>00000cas a22000007a 4500</leader><controlfield tag="001">36116375</controlfield><controlfield tag="008">961219d194419uunyuwr ne      0    0eng d</controlfield><datafield ind1=" " ind2=" " tag="010"><subfield code="a">sn 97063602 </subfield></datafield><datafield ind1=" " ind2=" " tag="040"><subfield code="a">NYS</subfield><subfield code="b">eng</subfield><subfield code="c">NYS</subfield><subfield code="d">OCLCQ</subfield><subfield code="d">OCLCF</subfield><subfield code="d">OCLCO</subfield></datafield><datafield ind1="1" ind2=" " tag="029"><subfield code="a">AU@</subfield><subfield code="b">000013023824</subfield></datafield><datafield ind1=" " ind2=" " tag="042"><subfield code="a">msc</subfield></datafield><datafield ind1=" " ind2=" " tag="043"><subfield code="a">n-us-ny</subfield></datafield><datafield ind1="0" ind2="0" tag="245"><subfield code="a">Huntington times and Suffolk bulletin.</subfield></datafield><datafield ind1=" " ind2=" " tag="260"><subfield code="a">Huntington, N.Y. :</subfield><subfield code="b">Suffolk Consolidated Press Co.</subfield></datafield><datafield ind1=" " ind2=" " tag="300"><subfield code="a">v.</subfield></datafield><datafield ind1=" " ind2=" " tag="310"><subfield code="a">Weekly</subfield></datafield><datafield ind1="0" ind2=" " tag="362"><subfield code="a">Vol. 17, no. 11 (Dec. 7, 1944)-</subfield></datafield><datafield ind1=" " ind2=" " tag="500"><subfield code="a">Published by: Suffolk Consolidated Press, Dec. 7, 1944-July 2, 1963; Sunrise Press, July 9, 1963-</subfield></datafield><datafield ind1=" " ind2="0" tag="651"><subfield code="a">Huntington (N.Y.)</subfield><subfield code="v">Newspapers.</subfield></datafield><datafield ind1=" " ind2="0" tag="651"><subfield code="a">Suffolk County (N.Y.)</subfield><subfield code="v">Newspapers.</subfield></datafield><datafield ind1=" " ind2="7" tag="655"><subfield code="a">Newspapers.</subfield><subfield code="2">fast</subfield><subfield code="0">(OCoLC)fst01423814</subfield></datafield><datafield ind1=" " ind2="7" tag="651"><subfield code="a">New York (State)</subfield><subfield code="z">Huntington.</subfield><subfield code="2">fast</subfield><subfield code="0">(OCoLC)fst01219871</subfield></datafield><datafield ind1=" " ind2="7" tag="651"><subfield code="a">New York (State)</subfield><subfield code="z">Suffolk County.</subfield><subfield code="2">fast</subfield><subfield code="0">(OCoLC)fst01207260</subfield></datafield><datafield ind1=" " ind2=" " tag="752"><subfield code="a">United States</subfield><subfield code="b">New York</subfield><subfield code="c">Suffolk</subfield><subfield code="d">Huntington.</subfield></datafield><datafield ind1="0" ind2="4" tag="780"><subfield code="t">Huntington times</subfield><subfield code="w">(DLC)sn 97063601</subfield><subfield code="w">(OCoLC)36116278</subfield></datafield><datafield ind1="0" ind2="4" tag="780"><subfield code="t">Suffolk bulletin</subfield><subfield code="w">(DLC)sn 83031110</subfield><subfield code="w">(OCoLC)9782154</subfield></datafield></record>